<?xml version="1.0" encoding="UTF-8"?>
<collection xmlns:xsi="http://www.w3.org/2001/XMLSchema-instance" xsi:schemaLocation="http://www.loc.gov/MARC21/slim http://www.loc.gov/standards/marcxml/schema/MARC21slim.xsd" xmlns="http://www.loc.gov/MARC21/slim">
<record>
  <leader>01012cam a2200253   4500</leader>
  <controlfield tag="001">3068401</controlfield>
  <controlfield tag="003">NNC</controlfield>
  <controlfield tag="005">20130426015246.0</controlfield>
  <controlfield tag="008">890228s1958    sy            000 0 araod</controlfield>
  <datafield tag="035" ind1=" " ind2=" ">
    <subfield code="a">(OCoLC)ocm23507995</subfield>
  </datafield>
  <datafield tag="035" ind1=" " ind2=" ">
    <subfield code="9">ATP0854CU</subfield>
  </datafield>
  <datafield tag="035" ind1=" " ind2=" ">
    <subfield code="a">(NNC)3068401</subfield>
  </datafield>
  <datafield tag="040" ind1=" " ind2=" ">
    <subfield code="a">EYM</subfield>
    <subfield code="c">EYM</subfield>
    <subfield code="d">CGU</subfield>
    <subfield code="d">ZCU</subfield>
  </datafield>
  <datafield tag="050" ind1=" " ind2="4">
    <subfield code="a">PJ 7745</subfield>
    <subfield code="b">.B93 Z5 S95 1958</subfield>
  </datafield>
  <datafield tag="099" ind1=" " ind2=" ">
    <subfield code="a">893.7B86</subfield>
    <subfield code="a">DS</subfield>
  </datafield>
  <datafield tag="100" ind1="1" ind2=" ">
    <subfield code="a">Ṣūlī, Muḥammad ibn Yaḥyá,</subfield>
    <subfield code="d">-approximately 947.</subfield>
  </datafield>
  <datafield tag="245" ind1="1" ind2="0">
    <subfield code="a">Akhbār al-Buḥturī /</subfield>
    <subfield code="c">taʾlīf Abī Bakr Muḥammad ibn Yaḥyá al-Ṣūlī. wa-bi-ākhirihā Dhayl al-akhbār min riwāyat al-Ṣūlī ; ḥaqqaqahā wa-ʻallaqa ʻalayhā Ṣāliḥ al-Ashtar.</subfield>
  </datafield>
  <datafield tag="260" ind1=" " ind2=" ">
    <subfield code="a">[Dimashq :</subfield>
    <subfield code="b">s.n.,</subfield>
    <subfield code="c">1958]</subfield>
  </datafield>
  <datafield tag="300" ind1=" " ind2=" ">
    <subfield code="a">256 p.</subfield>
    <subfield code="b">illus.</subfield>
  </datafield>
  <datafield tag="490" ind1="1" ind2=" ">
    <subfield code="a">Maṭbūʻāt al-Majmaʻ al-ʻIlmī al-ʻArabī bi-Dimashq</subfield>
  </datafield>
  <datafield tag="600" ind1="1" ind2="0">
    <subfield code="a">Buḥturī, Walīd ibn ʻUbayd,</subfield>
    <subfield code="d">820-897.</subfield>
  </datafield>
  <datafield tag="700" ind1="1" ind2=" ">
    <subfield code="a">Ashtar, Ṣāliḥ,</subfield>
    <subfield code="e">editor.</subfield>
  </datafield>
  <datafield tag="830" ind1=" " ind2="0">
    <subfield code="a">Maṭbūʻāt al-Majmaʻ al-ʻIlmī al-ʻArabī bi-Dimashq.</subfield>
  </datafield>
  <datafield tag="955" ind1=" " ind2=" ">
    <subfield code="b">CU58867996</subfield>
    <subfield code="d">off,glx</subfield>
    <subfield code="e">893.7B86 DS</subfield>
  </datafield>
</record>
</collection>